@article{Fritz_1988,
  doi = {10.2307/1941034},
  url = {https://doi.org/10.2307%2F1941034},
  year = {1988},
  month = {jun},
  publisher = {Wiley-Blackwell},
  volume = {69},
  number = {3},
  pages = {845--856},
  author = {Robert S. Fritz and Peter W. Price},
  title = {{Genetic Variation Among Plants and Insect Community Structure: Willows and Sawflies}},
  journal = {Ecology},
}


@article{antonovics1992toward,
  title = {{Toward community genetics}},
  author = {Antonovics, Janis},
  journal = {Plant resistance to herbivores and pathogens: ecology, evolution, and genetics},
  pages = {426--449},
  year = {1992},
}


@article{Maddox_1990,
  doi = {10.2307/1938625},
  url = {https://doi.org/10.2307%2F1938625},
  year = {1990},
  month = {dec},
  publisher = {Wiley-Blackwell},
  volume = {71},
  number = {6},
  pages = {2115--2124},
  author = {G. David Maddox and Richard B. Root},
  title = {{Structure of the Encounter between Goldenrod (Solidago Altissima) and Its Diverse Insect Fauna}},
  journal = {Ecology},
}
